<?xml version="1.0" encoding="UTF-8"?><collection xmlns="http://www.loc.gov/MARC21/slim"><record><leader>00532nam--2200181-i-4500</leader><controlfield tag="001">000002137</controlfield><controlfield tag="002">20161230</controlfield><controlfield tag="005">20161230201024</controlfield><controlfield tag="008">060222s1000------------r-----000-0-fre-d</controlfield><datafield ind1=" " ind2=" " tag="040"><subfield code="a">IFIN-HH</subfield></datafield><datafield ind1=" " ind2=" " tag="041"><subfield code="a">fre</subfield></datafield><datafield ind1="1" ind2=" " tag="100"><subfield code="a">Giqueaux, Maurice</subfield></datafield><datafield ind1="1" ind2="0" tag="245"><subfield code="a">Mecanique des fluides</subfield><subfield code="b">Theorique</subfield><subfield code="c">Maurice giqueaux</subfield></datafield><datafield ind1=" " ind2=" " tag="250"><subfield code="a">Deuxieme Edition Revue Et Augmentee Avec La Colaboration De Adalbert Ouadrat</subfield></datafield><datafield ind1=" " ind2=" " tag="260"><subfield code="a">Paris, Ch.Beranger, 1957</subfield></datafield><datafield ind1=" " ind2=" " tag="300"><subfield code="a">XI + 413 P. CU 134 FIG</subfield></datafield><datafield ind1=" " ind2=" " tag="852"><subfield code="a">13045</subfield><subfield code="c">532</subfield></datafield><datafield ind1=" " ind2=" " tag="CAT"><subfield code="a">Sys</subfield><subfield code="c">20100713</subfield><subfield code="h">090314</subfield></datafield></record></collection>